% This file was created with JabRef 2.5.
% Encoding: Cp1252

@BOOK{Bunge1982,
  title = {Texture Analysis in Materials Science},
  publisher = {Butterworths Publishers},
  year = {1982},
  author = {H.J. Bunge},
  address = {London},
  owner = {c.zambaldi},
  timestamp = {2008.10.21}
}

@ARTICLE{Roters2010,
  author = {F. Roters and P. Eisenlohr and L. Hantcherli and D. D. Tjahjanto
	and T. R. Bieler and D. Raabe},
  title = {Overview of constitutive laws, kinematics, homogenization, and multiscale
	methods in crystal plasticity finite element modeling: theory, experiments,
	applications},
  journal = {Acta Materialia},
  year = {2010},
  volume = {58},
  pages = {1152--1211},
  number = {4},
  doi = {10.1016/j.actamat.2009.10.058}
}

@comment{jabref-meta: selector_publisher:}

@comment{jabref-meta: selector_author:}

@comment{jabref-meta: selector_journal:}

@comment{jabref-meta: selector_keywords:}

